%% This BibTeX bibliography file was created using BibDesk.
%% http://bibdesk.sourceforge.net/


%% Created for Vijay at 2014-12-11 04:02:35 -0500


%% Saved with string encoding Unicode (UTF-8)

%%How to get the article name to show up in quotations?
%%How to get the Arxiv or hep hyperlink to display?

@article{Graham:2015apa,
      author         = "Graham, Peter W. and Rajendran, Surjeet and Varela,
                        Jaime",
      title          = "{Dark Matter Triggers of Supernovae}",
      journal        = "Phys. Rev.",
      volume         = "D92",
      year           = "2015",
      number         = "6",
      pages          = "063007",
      doi            = "10.1103/PhysRevD.92.063007",
      eprint         = "1505.04444",
      archivePrefix  = "arXiv",
      primaryClass   = "hep-ph",
      SLACcitation   = "%%CITATION = ARXIV:1505.04444;%%"
}

@article{Agashe:2014kda,
      author         = "Olive, K. A. and others",
      title          = "{Review of Particle Physics}",
      collaboration  = "Particle Data Group",
      journal        = "Chin. Phys.",
      volume         = "C38",
      year           = "2014",
      pages          = "090001",
      doi            = "10.1088/1674-1137/38/9/090001",
      SLACcitation   = "%%CITATION = CHPHD,C38,090001;%%"
}

@article{Hardy:2014mqa,
      author         = "Hardy, Edward and Lasenby, Robert and March-Russell, John
                        and West, Stephen M.",
      title          = "{Big Bang Synthesis of Nuclear Dark Matter}",
      journal        = "JHEP",
      volume         = "06",
      year           = "2015",
      pages          = "011",
      doi            = "10.1007/JHEP06(2015)011",
      eprint         = "1411.3739",
      archivePrefix  = "arXiv",
      primaryClass   = "hep-ph",
      SLACcitation   = "%%CITATION = ARXIV:1411.3739;%%"
}

@article{Woosley,
      author         = "Timmes, F. X. and Woosley, S. E.",
      title          = "{The conductive propagation of nuclear flames. I - Degenerate C + O and O + NE + MG white dwarfs}",
      journal        = "Astro. Phys. Journal",
      volume         = "396",
      number         = "649",
      year           = "1992",
     }
@book{Teukolsky,
	Author = {{Stuart L. Shapiro and Saul A. Teukolsky}},
	Publisher = {Wiley},
	Title = {Black Holes, White Dwarfs, and Neutron Stars},
	Year = {1983}
	}

@book{Rossi,
	Author = {{Bruno Rossi}},
	Publisher = {Prentice-Hall, Inc., Englewood Cliffs, NJ},
	Title = {High Energy Particles},
	Year = {1952}
	}

@article{Coleman:1985ki,
      author         = "Coleman, Sidney R.",
      title          = "{Q Balls}",
      journal        = "Nucl. Phys.",
      volume         = "B262",
      year           = "1985",
      pages          = "263",
      doi            = "10.1016/0550-3213(85)90286-X,
                        10.1016/0550-3213(86)90520-1",
      note           = "[Erratum: Nucl. Phys.B269,744(1986)]",
      reportNumber   = "HUTP-85/A050",
      SLACcitation   = "%%CITATION = NUPHA,B262,263;%%"
}

@article{Kusenko:1997si,
      author         = "Kusenko, Alexander and Shaposhnikov, Mikhail E.",
      title          = "{Supersymmetric Q balls as dark matter}",
      journal        = "Phys. Lett.",
      volume         = "B418",
      year           = "1998",
      pages          = "46-54",
      doi            = "10.1016/S0370-2693(97)01375-0",
      eprint         = "hep-ph/9709492",
      archivePrefix  = "arXiv",
      primaryClass   = "hep-ph",
      reportNumber   = "CERN-TH-97-259",
      SLACcitation   = "%%CITATION = HEP-PH/9709492;%%"
}

@article{Dine:2003ax,
      author         = "Dine, Michael and Kusenko, Alexander",
      title          = "{The Origin of the matter - antimatter asymmetry}",
      journal        = "Rev. Mod. Phys.",
      volume         = "76",
      year           = "2003",
      pages          = "1",
      doi            = "10.1103/RevModPhys.76.1",
      eprint         = "hep-ph/0303065",
      archivePrefix  = "arXiv",
      primaryClass   = "hep-ph",
      reportNumber   = "SCIPP-2003-08, UCLA-03-TEP-08",
      SLACcitation   = "%%CITATION = HEP-PH/0303065;%%"
}

@article{Kasuya:2015uka,
      author         = "Kasuya, Shinta and Kawasaki, Masahiro and Yanagida,
                        Tsutomu T.",
      title          = "{IceCube potential for detecting Q-ball dark matter in
                        gauge mediation}",
      journal        = "PTEP",
      volume         = "2015",
      year           = "2015",
      number         = "5",
      pages          = "053B02",
      doi            = "10.1093/ptep/ptv056",
      eprint         = "1502.00715",
      archivePrefix  = "arXiv",
      primaryClass   = "hep-ph",
      reportNumber   = "IPMU15-0013, ICRR-REPORT-697-2014-23",
      SLACcitation   = "%%CITATION = ARXIV:1502.00715;%%"
}

@article{Gerhardt:2010bj,
      author         = "Gerhardt, Lisa and Klein, Spencer R.",
      title          = "{Electron and Photon Interactions in the Regime of Strong
                        LPM Suppression}",
      journal        = "Phys. Rev.",
      volume         = "D82",
      year           = "2010",
      pages          = "074017",
      doi            = "10.1103/PhysRevD.82.074017",
      eprint         = "1007.0039",
      archivePrefix  = "arXiv",
      primaryClass   = "hep-ph",
      SLACcitation   = "%%CITATION = ARXIV:1007.0039;%%"
}

@article{Klein:1998du,
      author         = "Klein, Spencer",
      title          = "{Suppression of Bremsstrahlung and pair production due to
                        environmental factors}",
      journal        = "Rev. Mod. Phys.",
      volume         = "71",
      year           = "1999",
      pages          = "1501-1538",
      doi            = "10.1103/RevModPhys.71.1501",
      eprint         = "hep-ph/9802442",
      archivePrefix  = "arXiv",
      primaryClass   = "hep-ph",
      reportNumber   = "LBL-41350, LBNL-41350",
      SLACcitation   = "%%CITATION = HEP-PH/9802442;%%"
}

@article{Pionnuclear,
      author         = "Lee, T.S.H and Redwine, R.P.",
      title          = "{Pion-Nucleus Interactions}",
      journal        = "Annu. Rev. Nucl. Part. Sci.",
      volume         = "52",
      year           = "2002",
      doi            = "10.1146/annurev.nucl.52.050102.090713",
      eprint         = "1007.0039",
}

@inbook{Mereghetti,
      author = {S. MEREGHETTI},
      title = {RX J0648.0â€“4418: THE FASTEST-SPINNING WHITE DWARF},
      booktitle = {The Thirteenth Marcel Grossmann Meeting},
      chapter = {},
      pages = {2459-2461},
      doi = {10.1142/9789814623995_0469},
      URL = {http://www.worldscientific.com/doi/abs/10.1142/9789814623995_0469},
      eprint = "arXiv:1302.4634 [astro-ph.HE]"
      publisher = WORLD SCIENTIFIC
      address =
      year = 2015
      edition =
}

}
